%%%%%%%%%%%%%%%%%%%%%%%%%%%%%% BUKU %%%%%%%%%%%%%%%%%%%%%%%%%%%%%%%
@book{fellbaum1998wordnet,
  title={WordNet},
  author={Fellbaum, Christiane},
  year={1998},
  publisher={Wiley Online Library}
}


%%%%%%%%%%%%%%%%%%%%%%%%%%%%%% Artikel %%%%%%%%%%%%%%%%%%%%%%%%%%%%%%%
@article{jurafsky2000speech,
  title={Speech and language processing an introduction to natural language processing, computational linguistics, and speech},
  author={Jurafsky, Daniel and James, H},
  year={2000},
  publisher={Pearson Education,}
}

@article{zesch2007analyzing,
  title={Analyzing and accessing Wikipedia as a lexical semantic resource},
  author={Zesch, Torsten and Gurevych, Iryna and M{\"u}hlh{\"a}user, Max},
  publisher={Citeseer}
}

@article{bach2007review,
  title={A review of relation extraction},
  author={Bach, Nguyen and Badaskar, Sameer},
  journal={Literature review for Language and Statistics II},
  year={2007}
}

@article{miller1995wordnet,
  title={WordNet: a lexical database for English},
  author={Miller, George A},
  journal={Communications of the ACM},
  volume={38},
  number={11},
  pages={39--41},
  year={1995},
  publisher={ACM}
}

@article{atkins1992corpus,
  title={Corpus design criteria},
  author={Atkins, Sue and Clear, Jeremy and Ostler, Nicholas},
  journal={Literary and linguistic computing},
  volume={7},
  number={1},
  pages={1--16},
  year={1992},
  publisher={ALLC}
}

@article{prakash2014survey,
  title={A survey on semi-supervised learning techniques},
  author={Prakash, V Jothi and Nithya, Dr LM},
  journal={arXiv preprint arXiv:1402.4645},
  year={2014}
}

@article{landis1977measurement,
  title={The measurement of observer agreement for categorical data},
  author={Landis, J Richard and Koch, Gary G},
  journal={biometrics},
  pages={159--174},
  year={1977},
  publisher={JSTOR}
}

%%%%%%%%%%%%%%%%%%%%%%%%%%%%%% PAPER %%%%%%%%%%%%%%%%%%%%%%%%%%%%%%%
@inproceedings{riloff1999learning,
  title={Learning dictionaries for information extraction by multi-level bootstrapping},
  author={Riloff, Ellen and Jones, Rosie and others},
  booktitle={AAAI/IAAI},
  pages={474--479},
  year={1999}
}

@inproceedings{thelen2002bootstrapping,
  title={A bootstrapping method for learning semantic lexicons using extraction pattern contexts},
  author={Thelen, Michael and Riloff, Ellen},
  booktitle={Proceedings of the ACL-02 conference on Empirical methods in natural language processing-Volume 10},
  pages={214--221},
  year={2002},
  organization={Association for Computational Linguistics}
}

@inproceedings{riloff2003learning,
  title={Learning subjective nouns using extraction pattern bootstrapping},
  author={Riloff, Ellen and Wiebe, Janyce and Wilson, Theresa},
  booktitle={Proceedings of the seventh conference on Natural language learning at HLT-NAACL 2003-Volume 4},
  pages={25--32},
  year={2003},
  organization={Association for Computational Linguistics}
}

@inproceedings{denoyer2006wikipedia,
  title={The wikipedia xml corpus},
  author={Denoyer, Ludovic and Gallinari, Patrick},
  booktitle={International Workshop of the Initiative for the Evaluation of XML Retrieval},
  pages={12--19},
  year={2006},
  organization={Springer}
}

@article{bikel1999algorithm,
  title={An algorithm that learns what's in a name},
  author={Bikel, Daniel M and Schwartz, Richard and Weischedel, Ralph M},
  journal={Machine learning},
  volume={34},
  number={1},
  pages={211--231},
  year={1999},
  publisher={Springer}
}

@inproceedings{noor2011creating,
  title={Creating the Open Wordnet Bahasa.},
  author={Noor, Nurril Hirfana Bte Mohamed and Sapuan, Suerya and Bond, Francis and others},
  booktitle={PACLIC},
  pages={255--264},
  year={2011}
}

@inproceedings{hearst1992automatic,
  title={Automatic acquisition of hyponyms from large text corpora},
  author={Hearst, Marti A},
  booktitle={Proceedings of the 14th conference on Computational linguistics-Volume 2},
  pages={539--545},
  year={1992},
  organization={Association for Computational Linguistics}
}

@inproceedings{margaretha2008comparing,
  title={Comparing the value of Latent Semantic Analysis on two English-to-Indonesian lexical mapping tasks},
  author={Margaretha, Eliza and Manurung, Ruli},
  booktitle={Australasian Language Technology Association Workshop 2008},
  volume={6},
  pages={88--96},
  year={2008}
}

@inproceedings{putra2008building,
  title={Building an Indonesian wordnet},
  author={Putra, Desmond Darma and Arfan, Abdul and Manurung, Ruli},
  booktitle={Proceedings of the 2nd International MALINDO Workshop},
  pages={12--13},
  year={2008}
}

@inproceedings{ravichandran2002learning,
  title={Learning surface text patterns for a question answering system},
  author={Ravichandran, Deepak and Hovy, Eduard},
  booktitle={Proceedings of the 40th annual meeting on association for computational linguistics},
  pages={41--47},
  year={2002},
  organization={Association for Computational Linguistics}
}

@inproceedings{ruiz2005automatic,
  title={Automatic extraction of semantic relationships for wordnet by means of pattern learning from wikipedia},
  author={Ruiz-Casado, Maria and Alfonseca, Enrique and Castells, Pablo},
  booktitle={International Conference on Application of Natural Language to Information Systems},
  pages={67--79},
  year={2005},
  organization={Springer}
}

@inproceedings{arnold2014extracting,
  title={Extracting semantic concept relations from wikipedia},
  author={Arnold, Patrick and Rahm, Erhard},
  booktitle={Proceedings of the 4th International Conference on Web Intelligence, Mining and Semantics (WIMS14)},
  pages={26},
  year={2014},
  organization={ACM}
}

@inproceedings{sumida2008hacking,
  title={Hacking Wikipedia for Hyponymy Relation Acquisition.},
  author={Sumida, Asuka and Torisawa, Kentaro},
  booktitle={IJCNLP},
  volume={8},
  pages={883--888},
  year={2008},
  organization={Citeseer}
}


%%%%%%%%%%%%%%%%%%%%%%%%%%%%%% Lainnya %%%%%%%%%%%%%%%%%%%%%%%%%%%%%%%
